







@article{Wennberg2018,
author = {Wennberg, Paul O. and Bates, Kelvin H. and Crounse, John D. and Dodson, Leah G. and McVay, Renee C. and Mertens, Laura A. and Nguyen, Tran B. and Praske, Eric and Schwantes, Rebecca H. and Smarte, Matthew D. and St Clair, Jason M. and Teng, Alexander P. and Zhang, Xuan and Seinfeld, John H.},
title = {Gas-Phase Reactions of Isoprene and Its Major Oxidation Products},
journal = {Chemical Reviews},
volume = {118},
number = {7},
pages = {3337-3390},
year = {2018},
doi = {10.1021/acs.chemrev.7b00439},
    note ={PMID: 29522327},

URL = { 
        https://doi.org/10.1021/acs.chemrev.7b00439
    
},
eprint = { 
        https://doi.org/10.1021/acs.chemrev.7b00439
    
}

}


